2719 4035
599 182 720 265 Ιιίιικ
749 214 992 267 ·.Gramm
1032 215 1237 267 Chrest.
1277 223 1329 266 et
1365 217 1493 267 Lex.
1781 268 1788 275 ,
2010 215 2160 289 x1.11

156 374 287 437 edita,
341 391 613 440 conversa,
661 385 726 433 et
771 379 909 428 notis
953 378 1224 447 illustrata
1247 378 1313 427 ab
1352 375 1482 430 Alb.
1523 377 1807 429 :Sc-bultem.
1844 377 2014 442 Lugd.
2051 377 2167 428 Bat.

160 447 301 508 1748,
350 449 400 497 4.
441 450 471 497 2
510 414 653 505 Thlr.
698 452 764 498 10
802 449 920 514 Sgr.
973 451 1055 500 ed.
1092 450 1162 498 11.
1211 465 1328 499 eum
1367 449 1543 504 Indice
1592 449 1941 511 locupletiore.
1978 450 2166 514 .Lugd.

153 516 249 567 Bat.
290 515 442 570 1767.
481 522 532 571 4.
572 521 810 570 Addatur
846 521 1073 585 ejusdem

79 567 261 650 Epistola
305 593 474 654 prima
520 598 571 645 et
617 593 842 642 secunda
883 593 954 643 ad
990 593 1049 641 F.
1088 591 1149 644 Ο.
1189 591 1582 663 Menckeninm‚
1621 592 1675 639 in
1712 606 1815 655 qua
1856 604 2054 655 nupera
2090 607 2168 642 re-

153 663 304 710 censio
352 662 733 719 Grammaticae
779 665 971 728 Erpen.
1020 679 1136 713 cum
1185 665 1400 728 praefat.
1450 671 1502 712 et
1546 664 1921 713 accessionibus
1958 679 2025 713 ex
2061 664 2167 713 Ha-

119 735 290 795 masa,
327 733 421 785 sub
457 749 675 784 examen
708 736 1005 786 devocatur.
1044 735 1210 799 Lugd.
1248 735 1364 787 Bat.
1408 736 1565 785 1749.
1600 749 1653 785 4
1711 735 1912 800 Weigel
1954 739 1980 786 1
2020 734 2167 786 Thlr.

77 799 254 870 Erpenii
289 805 576 855 Arabische
614 806 966 869 Gram'matik‚
1023 806 1333 871 abgekiirzt,
1383 805 1753 870 vollstandiger
1800 808 1905 857 und
1955 806 2169 856 leichter

153 877 397 939 gemacht,
442 893 545 926 von
582 874 790 930 Johann
836 880 1019 931 David
1058 880 1353 939 Michaelis,
1401 877 1552 933 nebst
1598 879 1715 926 dem
1761 879 1997 951 Anfang
2024 879 2168 926 einer
2262 884 2307 901 ·'

153 948 437 997 arabischen
475 949 911 1010 Chrestomathie,
961 962 1054 998 aus
1091 946 1379 999 Schultens
1404 950 1631 1013 Anhang
1678 964 1771 999 zur
1816 932 2168 1014 Erpenischen

154 1014 475 1069 Grammatik.
515 1020 796 1085 Gottingen
838 1022 992 1077 1771
1035 1022 1082 1071 8.
1122 1022 1220 1071 ed.
1241 1022 1311 1073 11
1358 1022 1520 1072 1781
1556 1022 1603 1070 8.
1952 1023 1982 1070 2
2020 1021 2167 1070 Thlr.

75 1085 368 1144 (Everhardsi
391 1093 644 1154 Scheidii)
681 1093 888 1141 Primae
914 1092 1081 1141 lineae
1107 1093 1486 1142 institutionum
1512 1093 1578 1142 ad
1604 1093 1940 1142 fundamenta
1962 1092 2172 1141 dialecti

151 1160 389 1223 arabicae,
428 1163 535 1211 sive
572 1166 830 1227 specimen
856 1165 1222 1227 grammaticae
1258 1165 1512 1222 arabicae,
1548 1165 1615 1213 ad
1651 1165 1887 1213 intimam
1925 1160 2196 1227 antiquis--

150 1233 293 1282 simae
343 1234 496 1298 hujus
534 1235 765 1297 dialecti,
813 1251 932 1287 cum
978 1234 1202 1284 hebraea
1238 1237 1434 1300 lingna,
1471 1236 1925 1286 demonstrandam
1962 1232 2166 1285 harmo'
2206 1280 2210 1286 .

69 1356 75 1361 ,
150 1304 291 1367 niam,
331 1305 611 1355 secundum
650 1307 1025 1370 paragraphos
1041 1308 1455 1371 elegantissimae
1499 1309 1865 1371 grammaticae
1912 1306 2166 1359 hebraeae

148 1372 574 1426 Schroederianae
634 1379 965 1462 descriptum·
1019 1377 1291 1453 (Subsistit
1350 1380 1418 1428 ad
1476 1379 1520 1443 ξ.
1568 1379 1845 1436 LXXXV:
1900 1378 2168 1441 Schroed.)

148 1445 297 1510 Lugd.
337 1448 454 1498 Bat.
495 1450 650 1501 1779.
691 1451 740 1500 4.
779 1453 899 1515 maj.

64 1511 104 1560 ·Ῑ·
136 1518 186 1567 G·
223 1519 515 1584 Eiehhorn,
583 1520 710 1571 uber
765 1523 848 1581 die
902 1520 1099 1570 versch.
1146 1522 1460 1571 Mundarten
1507 1522 1599 1573 der
1644 1521 1784 1571 arab.
1836 1519 2065 1585 Sprache
2111 1514 2169 1569 in'

143 1586 483 1641 Richardsons
519 1592 657 1643 Abh.
707 1593 835 1643 uber
872 1592 1103 1657 Sprache
1152 1600 1247 1642 etc.
1287 1592 1900 1658 morgenland.V61ke1-.
1953 1592 2168 1656 Leipzig

147 1660 294 1714 1779.
333 1662 388 1715 8.
1954 1669 1991 1716 1.
2020 1662 2167 1713 Thlr.

59 1723 335 1797 Dissertatio
374 1735 669 1787 academica
704 1731 768 1784 de
805 1736 1220 1799 pronuntiatione
1268 1736 1477 1799 linguae
1528 1736 1765 1786 arabicae
1804 1736 2015 1800 ejusque
2053 1750 2167 1796 usu,

145 1817 300 1866 quam
325 1808 564 1871 praeside
602 1807 787 1859 Matth.
823 1806 1064 1870 Norberg
1100 1807 1286 1859 obtulit
1329 1814 1510 1858 auctor
1559 1814 1611 1857 et
1647 1808 1965 1870 respondens
1997 1807 2168 1859 Nico-

144 1879 311 1930 colans
351 1879 547 1944 Sinius,
585 1877 798 1929 Scanus.
837 1879 1075 1931 Havniae
1114 1879 1269 1930 1783.
1310 1879 1361 1928 4.
1704 1878 1909 1942 Weigel
1952 1877 2014 1929 15
2055 1876 2172 1941 Sgr.

58 1940 252 1996 Lexicon
305 1949 519 2012 linguae
581 1951 817 1999 arabicae
878 1950 931 1998 in
979 1949 1261 2012 Coranum,
1329 1951 1598 2000 Haririnm
1646 1957 1698 1999 et
1747 1952 1937 1999 vitam
1956 1949 2174 2011 Timui-i,

139 2028 351 2071 auctore
373 2015 617 2075 dohanne
671 2024 907 2074 nzllmet.
945 2022 1276 2073 Roterodami
1319 2023 1472 2072 1784.
1513 2024 1563 2071 4.
1673 2022 1877 2086 Weigel
1919 2023 1983 2074 12
2022 2021 2172 2071 Thlr.

58 2085 331 2143 Dissertatio
372 2091 666 2148 academica
714 2095 777 2142 de
814 2101 966 2156 gente
1012 2102 1063 2142 et
1099 2096 1277 2157 lingua
1313 2094 1665 2156 Maroccanaf
1708 2094 1943 2157 praeside
1982 2092 2172 2143 Matth.

131 2160 388 2228 Nox-berg,
426 2155 634 2214 auctore
666 2171 723 2214 'et
758 2161 996 2229 respond.
1036 2168 1194 2218 Micmlz
1238 2167 1298 2217 B.
1337 2166 1628 2228 Nolleroth.
1665 2166 1880 2215 Lundae
1914 2164 1985 2212 17
1990 2165 2083 2214 87
2120 2165 2173 2215 4.

58 2228 410 2297 Βοιιιρθιιᾱίιιιιι
456 2238 823 2301 grammaticae
872 2235 1107 2285 arabicae
1146 2237 1212 2285 ad
1249 2224 1478 2285 indolem
1516 2237 1809 2300 linguarum
1847 2237 2175 2292 orientalium

133 2313 180 2353 et
213 2308 281 2356 ad
321 2323 445 2356 usus
482 2310 891 2358 rudimentorum
930 2301 1306 2358 conformatum
1344 2323 1462 2357 cum
1498 2308 2035 2371 progymnasmatibus
2074 2309 2174 2355 lec-

132 2379 283 2427 tionis
323 2379 560 2428 arabicae
599 2395 665 2430 ex
703 2381 918 2429 historia
955 2387 1095 2428 ortus
1133 2394 1193 2442 ac
1219 2394 1517 2443 progressus
1544 2380 1807 2430 literarum
1833 2381 1967 2429 inter
1991 2379 2175 2428 arabes

131 2448 386 2514 decerptis
425 2449 870 2500 Chrestomathiae
918 2442 1164 2500 arabicae
1203 2466 1235 2499 a
1282 2465 1336 2499 se
1386 2451 1553 2499 editae
1582 2452 1917 2523 jungendum
1944 2452 2175 2500 elabora-

127 2521 199 2569 vit
233 2523 404 2573 Henr.
449 2523 658 2575 Eberlzc
676 2525 883 2575 Gottlob
922 2523 1136 2574 Paulus.
1200 2523 1367 2576 Jenae
1409 2517 1565 2573 1790.
1644 2523 1694 2571 8.
1948 2522 2015 2574 15
2055 2521 2174 2586 Sgr.

58 2586 459 2646 clementarbuch
496 2593 581 2642 fiir
617 2595 700 2643 die
736 2593 1005 2646 arabisehe
1042 2592 1273 2657 Sprache
1310 2594 1416 2642 und
1453 2593 1761 2656 Litteratur,
1825 2594 1908 2642 die
1945 2592 2174 2657 Sprache

123 2662 191 2711 im
230 2664 517 2728 doppelten
557 2664 632 2714 G
614 2664 989 2732 sichtspunkt,
1027 2666 1103 2714 als
1142 2663 1374 2745 Sprache
1423 2665 1517 2713 der
1554 2664 1753 2714 Schrift
1798 2666 1904 2714 und
1942 2663 2173 2728 Sprache

122 2734 209 2784 des
261 2735 472 2785 Lebens
520 2736 817 2786 betrachtet.
895 2733 1157 2786 Zunachst
1217 2738 1335 2786 z‘um
1383 2735 1560 2785 Behuf
1615 2735 2006 2786 akademischcr
2044 2731 2174 2785 Vor-
2236 2779 2242 2786 .

125 2806 413 2871 lesupgen,
503 2823 605 2857 von
679 2810 734 2859 S.
782 2808 845 2859 F.
899 2810 1125 2861 Giinther
1188 2809 1353 2860 W-alzl
1444 2808 1598 2857 Halle
1665 2809 1820 2857 1789.
1890 2809 1940 2857 8.
2217 2879 2223 2883 .

58 2944 159 2996 [ene
197 2948 500 2998 Arabische
536 2883 893 3014 Anthologie,
927 2950 1053 2999 oder
1089 2929 1415 2999 auserlesene
1452 2882 1760 3014 Sammlun}
1802 2880 2031 3002 geliigng·
2058 2878 2177 3000 {fild

115 3021 502 3083 grossentheils
543 3029 652 3070 erst
695 3037 799 3071 neu
834 3036 928 3072 aus
966 3021 1371 3070 Handschriften
1420 3022 1813 3085 ausgehobener
1849 3022 2040 3072 Stucke
2078 3037 2171 3072 aus
2250 3041 2268 3056 ,-

115 3091 530 3142 verschiedenen
567 3092 814 3143 Fachern
840 3093 932 3143 der
968 3093 1271 3142 arabischen
1308 3094 1607 3146 Litterat'ur.
1661 3094 1793 3154 Eine
1830 3094 2174 3158 Fortsetzung

110 3163 204 3213 des
243 3164 720 3215 Elementarbuchs
770 3172 862 3213 etc
937 3164 1162 3215 Benebst
1209 3165 1354 3214 einer
1367 3165 1808 3230 Voreinleitung,
1855 3168 2027 3218 einem
2065 3167 2175 3216 An-

112 3235 262 3300 hang
302 3233 397 3285 ffir
435 3236 517 3285 die
554 3236 765 3288 Kenner
803 3237 895 3285 der
931 3236 1229 3299 persischen
1265 3236 1574 3300 Litteratur,
1612 3238 1720 3287 und
1757 3240 1926 3287 einem
1967 3236 2176 3288 Glossa-

94 3309 271 3373 rium.
359 3307 479 3357 Von
515 3307 570 3359 S.
613 3310 672 3360 F.
702 3310 929 3362 Gunther
971 3309 1136 3361 WaM.
1186 3307 1400 3373 Leipzig
1439 3309 1594 3361 1791.
1637 3310 1686 3360 8.
1726 3310 1756 3358 2
1797 3309 1943 3358 Thlr.
1988 3309 2018 3360 5
2058 3308 2160 3375 Sgr
