2719 4035
207 190 225 223 χ
810 212 913 261 Lit.
951 210 1337 275 Philosophica.
2058 210 2188 274 133

164 392 219 441 cf.
267 395 442 445 Gartz.
523 391 607 441 Dc
656 392 1019 457 interpretibus
1088 395 1139 440 et
1184 389 1608 455 explanatoribus
1656 389 1889 441 Euclidis
1936 390 2192 443 Arabicis.

125 464 522 516 Halis.1823.
585 464 635 514 4.

80 533 293 598 Epochae
342 536 649 587 celebriores
685 535 897 585 Astron.
950 510 1143 586 Histor.
1187 535 1434 584 Chronol
1475 533 1740 586 Chataior.
1790 533 1944 598 Syro·
1947 533 2193 588 Graecor.

164 608 319 657 Arab.
356 608 558 657 Persar.
584 606 935 663 Chorasmior.
975 610 1094 658 usit.
1123 607 1283 656 Arab.
1323 613 1375 655 et
1410 606 1525 658 Lat.
1565 607 1648 655 Ex
1688 607 1818 658 trad.
1848 607 2003 671 Ulug
2031 606 2196 673 Beigi,

90 740 100 747 ,
165 695 243 729 eas
280 682 434 744 prim.
472 680 611 744 publ.
650 694 752 730 rec.
792 685 845 728 et
880 693 1064 731 comm.
1104 679 1176 729 ill.
1197 679 1268 730 J.
1309 679 1549 731 Gravius.
1587 679 1751 732 Lond.
1798 676 1952 730 1650.
2000 679 2053 729 4.

83 749 489 816 (Pentateuchus)
538 751 817 801 secundum
866 751 1147 800 Arabicam
1193 750 1533 800 Pentateuchi
1583 749 1726 805 Sam.
1776 751 2092 811 versionem,
2130 749 2196 799 ab

162 824 275 872 Abu
296 822 487 873 Saiedo
525 824 881 886 conscriptam,
919 837 1071 887 quem
1097 822 1174 871 ed.
1201 825 1262 873 A.
1289 821 1513 885 Καεηεη,
1551 823 1826 873 fasciculus
1867 824 1893 871 1
1918 828 1970 871 et
2007 824 2037 870 2
2077 837 2199 871 con-

168 897 330 944 tinens
368 895 526 944 libros
564 894 841 956 Geneseos,
878 894 1052 944 Exodi
1089 901 1141 943 et
1175 894 1409 948 Levitici.
1463 894 1629 959 Lugd.
1657 894 1773 945 Bat.
1803 893 2105 954 1851-54.
2146 895 2196 945 8.

1981 966 2013 1015 3
2050 965 2199 1015 Thlr.

87 1035 226 1086 Rabbi
263 1037 537 1101 Yapheth-
551 1037 649 1087 ben
686 1037 805 1086 Heli
843 1036 1171 1087 Bassorensis
1208 1037 1491 1088 Karaithae
1528 1039 1583 1087 in
1618 1037 1808 1087 librum
1833 1037 2027 1090 Psalm.
2063 1052 2199 1087 com-

170 1110 406 1158 mentarii
460 1109 654 1158 arabici
704 1112 962 1173 specimen
1012 1109 1092 1160 ed.
1144 1116 1197 1159 et
1244 1112 1298 1158 in
1336 1110 1557 1159 latinum
1594 1112 1849 1161 convertit
1885 1110 1950 1162 E.
1990 1108 2193 1176 Bar-qus

166 1180 311 1230 Paris
352 1181 506 1230 1846
577 1182 621 1231 8.
1708 1183 1738 1230 2
1778 1180 1924 1231 Thlr.
1969 1182 2036 1230 10
2077 1179 2197 1244 Sgr.

47 1312 48 1315 Ἴ
81 1249 272 1301 Joannis
313 1252 555 1318 Apostoli
595 1254 658 1302 de
696 1253 912 1302 transitu
950 1251 1137 1303 beatae
1173 1251 1377 1302 Mariae
1415 1253 1649 1318 Virginis
1687 1253 1834 1305 liber.
1900 1253 1984 1302 Ex
2022 1266 2198 1302 recen·

166 1325 305 1373 sione
363 1331 416 1374 et
462 1340 578 1374 cum
625 1324 1048 1389 interpretatione
1088 1325 1235 1377 Mar.
1276 1324 1503 1393 Enqeri..
1565 1322 1919 1376 Elberfeldae
1937 1324 2201 1446 18154Πι18.

2156 1412 2198 1446 r.

835 1536 1100 1602 Philon
1119 1537 1416 1623 ophion.

79 1647 385 1732 Documenta
422 1682 780 1747 philosophlae
817 1682 1050 1733 Arabum
1089 1697 1154 1732 ex
1193 1682 1337 1732 codd.
1381 1683 1461 1734 ed.
1499 1684 1575 1732 lat
1616 1690 1743 1734 vert.
1785 1686 1922 1751 Any.
1952 1683 2201 1736 Schmoel-

169 1758 295 1808 ders.
373 1753 587 1804 Bonnae
630 1755 785 1808 1836.
858 1756 906 1804 8.

79 1822 114 1872 O
147 1824 307 1874 Kind!
371 1825 471 1875 Die
528 1826 795 1876 beriihmte
857 1824 1085 1875 ethische
1131 1824 1486 1890 Abhandlung
1534 1825 1769 1879 Ghasali’
1774 1846 1814 1879 s
1888 1825 2048 1876 Arab
2098 1826 2204 1876 und

170 1897 384 1946 (leutsch
422 1899 498 1947 als
533 1897 1058 1965 Neujahrsgeschenk
1095 1911 1197 1946 von
1235 1897 1500 1950 Hammer-
1481 1898 1791 1965 -Purqstall
1852 1897 2009 1947 Wien
2044 1899 2202 1950 1828.

76 1982 399 2091 Enehiridio'n
431 2042 670 2104 studiosi,
720 2042 924 2091 arabice
961 2042 1303 2105 conscriptum
1350 2055 1384 2090 a
1418 2031 1820 2091 Borhaneddino
1856 2008 2207 2093 Alzernouchi

165 2128 232 2163 ar.
273 2120 329 2162 et
366 2114 476 2166 lat.
497 2114 579 2164 ed.
615 2113 926 2167 Hadrianus
965 2114 1244 2165 Relandus
1293 2112 1432 2176 Traj.
1475 2112 1541 2161 ad
1579 2105 1676 2162 Rh.
1720 2112 1876 2164 1709.
1931 2115 1978 2163 8.

73 2182 296 2237 Bor-hein·
303 2187 393 2239 ed·
402 2186 517 2238 dini
554 2204 636 2238 es·
650 2185 898 2255 Sernudji
934 2183 1269 2234 Euchiridion
1310 2183 1543 2235 studiosi.
1612 2184 1699 2233 Ad
1736 2185 1893 2235 fldem
1922 2185 2049 2235 edit.
2090 2183 2202 2237 Rel.

166 2263 214 2305 et
247 2256 402 2308 codd.
452 2257 620 2306 denuo
658 2257 863 2307 arabice
913 2256 1047 2309 edid.
1087 2256 1175 2309 lat.
1217 2262 1373 2318 vert,
1428 2256 1729 2321 praecipuas
1783 2257 1917 2308 lectt.
1970 2271 2105 2307 varr.
2154 2262 2206 2305 et

163 2328 365 2378 scholia
398 2328 754 2379 Ibn-Ismaelis
800 2329 889 2378 sel.
930 2327 1138 2393 adjecit,
1186 2332 1311 2377 text.
1352 2335 1404 2376 et
1439 2327 1635 2377 scholia
1670 2328 1934 2378 vocalibus
1969 2330 2113 2379 instr.
2155 2334 2206 2377 et

161 2399 330 2449 lexico
380 2400 585 2464 explan.
629 2400 751 2452 Car.
795 2401 1035 2469 Caepari.
1084 2398 1254 2456 Praef.
1304 2405 1382 2448 est
1421 2397 1488 2468 Η.
1549 2402 1604 2453 Ο.
1647 2400 1921 2453 Fleisclzer.
1998 2401 2205 2465 Lipsiae

167 2472 327 2524 1838.
369 2472 417 2522 4.
457 2473 580 2536 maj.
1981 2474 2011 2521 2
2050 2472 2197 2528 Thlr.

69 2543 178 2607 '0722
211 2548 364 2611 2⁸2
415 2543 619 2606 „Porta
655 2542 817 2591 Mosis
836 2543 861 2568 “
903 2542 1013 2591 sive
1051 2542 1433 2592 dissertationes
1470 2543 1669 2606 aliquot
1705 2557 1737 2592 a
1775 2543 1841 2596 R.
1882 2544 2027 2597 Mose
2062 2545 2200 2596 Mai-

160 2618 396 2675 mom'de,
443 2617 547 2666 suis
595 2616 650 2663 in
696 2614 870 2663 varias
906 2613 1283 2678 Mischnajoth,
1332 2615 1442 2664 sive
1479 2621 1651 2664 textus
1687 2614 1978 2664 Talmudici
2015 2621 2204 2679 partes,

162 2685 567 2736 Commentariis
613 2687 950 2751 praemissae,
1000 2689 1133 2748 quae
1181 2685 1246 2735 ad
1284 2687 1580 2735 universam
1616 2686 1932 2736 Judaeorum
1982 2687 2206 2758 discipli·

157 2773 282 2808 nam
334 2758 533 2808 aditum
582 2758 834 2822 aperiunt.
908 2756 1060 2806 Nunc
1107 2772 1185 2821 pr
1223 2758 1385 2811 Arab.
1427 2763 1478 2807 et
1513 2757 1629 2807 Lat.
1669 2759 1851 2809 editae.
1922 2752 2047 2807 Una
2087 2773 2203 2807 cum

159 2830 469 2894 Appendice
505 2829 761 2880 Notarum
798 2828 1146 2891 Miscellanea,
1181 2844 1343 2892 opera
1380 2836 1432 2878 et
1467 2830 1637 2878 studio
1677 2830 1923 2882 Eduardi
1942 2831 2203 2882 Pocockii.

161 2899 416 2952 Oxoniae
448 2901 604 2952 1655.
643 2902 696 2951 4.
1473 2901 1679 2964 Weigel
1721 2903 1746 2949 1
1788 2900 1932 2950 Thlr
1977 2902 2046 2949 10
2084 2899 2201 2964 Sgr.

67 2968 253 3023 Tabula
293 2974 499 3026 Cebetis
535 2986 735 3037 graece,
771 2970 991 3033 arabice,
1031 2973 1204 3033 latine,
1241 2976 1363 3022 item
1401 2987 1559 3023 aurea
1595 2972 1826 3021 carmina
1861 2973 2204 3040 Pythaqorae,

158 3060 275 3094 cum
315 3046 625 3109 paraphrasi
672 3044 893 3093 arabica.
943 3047 1151 3093 auctore
1187 3044 1424 3096 ‚Iohanne
1460 3044 1814 3096 Eliehmatmo.
1880 3042 2046 3106 Lugd.
2085 3042 2203 3096 Bat.

163 3118 323 3167 1640.
366 3117 419 3166 4.
1478 3116 1683 3180 Weigel
1723 3120 1754 3167 2
1790 3115 1936 3166 Thlr.
1980 3117 2046 3163 10
2085 3112 2201 3177 Sgr.

65 3175 305 3254 Synopsis
365 3187 754 3253 Propositorum
810 3186 1105 3251 Sapientiae
1170 3186 1406 3236 Arabum
1471 3186 1895 3252 philosophorum
1958 3185 2206 3249 inscripta

159 3253 447 3325 Speculum
483 3260 730 3309 mundum
767 3266 1184 3323 repraesentans,
1221 3272 1288 3308 ex
1324 3258 1464 3308 arab
1504 3275 1651 3312 serm,
1692 3259 1767 3308 lat
1796 3259 1928 3325 juris
1963 3258 2100 3307 facta
2137 3256 2202 3310 ab

159 3334 293 3385 Abr.
334 3330 663 3385 Eceltellensi
697 3330 972 3383 Maronita
1024 3330 1175 3381 Paris
1214 3321 1369 3383 1641.
1411 3331 1460 3381 4.
