2719 4035
83 1479 298 1592 Prodit
346 1525 479 1606 hic,
529 1543 693 1607 quae
738 1523 848 1589 diu
888 1523 1023 1607 jam
1071 1522 1587 1605 desiderabatur,
1646 1523 1932 1590 secunda
1976 1528 2200 1609 portae

46 1632 356 1713 'arabicae
404 1646 627 1730 editio,
674 1648 740 1712 in
781 1666 907 1730 qua
936 1649 1094 1713 vitia
1138 1647 1339 1713 multa
1384 1647 1616 1733 prioris
1664 1647 1939 1730 correxi,
1987 1651 2200 1730 atque,

52 1770 154 1833 'nti
195 1771 589 1857 paginarum
647 1791 949 1837 numerus
999 1771 1290 1856 docebit,
1347 1762 1635 1837 libellu'm
1681 1771 1748 1835 in
1796 1770 1971 1837 omni
2014 1774 2200 1856 parte

74 1893 548 1979 additamentiS,
597 1908 761 1979 quae
808 1896 1175 1963 necessaria
1221 1894 1625 1978 videbantur,
1672 1891 2077 1980 amplificavi.

231 2020 347 2086 Sic
393 2020 463 2084 in
511 1996 931 2099 grammatica
990 2021 1236 2088 tirones
1294 2021 1408 2084 vix
1465 1989 1810 2103 quidquam
1871 2014 2200 2084 desidera-

69 2140 242 2220 bunt3
301 2145 376 2207 in
425 2143 787 2209 litteratura
843 2143 1061 2209 addidi
1120 2144 1440 2211 delectum
1487 2143 1828 2225 librorum,
1887 2141 1991 2225 qui
2049 2140 2203 2234 inde

71 2264 144 2331 ab
189 2286 364 2333 anno
412 2253 825 2333 MDCOGXL
872 2268 940 2333 in
985 2267 1197 2335 lucem
1243 2268 1402 2334 editi
1452 2272 1623 2352 sunt,
1696 2273 1757 2333 et
1802 2268 1872 2331 in
1917 2264 2203 2336 ‚chresto-

71 2389 305 2456 mathia
365 2389 632 2476 adjunxi
692 2391 1125 2469 narrationem
1186 2393 1266 2459 ab
1326 2392 1722 2459 amicissimo
1769 2387 2119 2456 Wetzstein
2165 2407 2203 2454 e

40 2512 285 2588 {codice
345 2516 786 2600 manuscripto
843 2514 1267 2582 bibliothecae
1324 2516 1406 2582 ab
1463 2517 1606 2601 ipso
1665 2514 1971 2579 Damasci
2026 2532 2202 2579 com-

77 2644 333 2719 paratae
383 2636 543 2702 mihi
593 2638 1098 2724 suppeditatam,
1147 2659 1307 2722 quae
1352 2639 1637 2705 indolem
1688 2637 2017 2717 religionis
2062 2633 2202 2700 Mu-

72 2757 676 2845 hammedanorum,
736 2767 931 2846 atque
976 2753 1296 2848 imprimis
1346 2761 1698 2846 Chaliphae
1746 2761 1964 2827 Omari
2011 2778 2203 2844 quam

70 2884 348 2950 maxime
394 2886 807 2970 conspicuam
857 2884 1084 2952 reddit.
1355 2962 1361 2967 ,

234 3007 341 3074 De
402 3007 673 3075 consilio
723 3028 798 3098 ac
846 3010 1131 3091 ratione,
1192 3009 1419 3091 quibus
1480 3005 1706 3073 ductus
1764 2990 1869 3073 me
1926 3004 2010 3071 ad
2070 3004 2202 3072 ela-

74 3128 422 3195 borandum
505 3102 678 3198 h'unc
755 3138 821 3197 et
899 3114 1143 3198 similes
1223 3131 1481 3200 libellos
1563 3131 1796 3211 linguis
1857 3129 2201 3210 hebraicae,

68 3251 435 3339 chaldaicae,
483 3257 934 3335 samaritanae,
995 3254 1310 3341 syriacaef,
1358 3257 1781 3335 armeniacae,
1826 3251 2206 3334 aethiopicae
